@techreport{dreyfus1980five,
  title={A five-stage model of the mental activities involved in directed skill acquisition},
  author={Dreyfus, Stuart E and Dreyfus, Hubert L},
  year={1980},
  institution={California Univ Berkeley Operations Research Center}
}

@online{msd3d,
  author = {Microsoft},
  title = {Pipelines and Shaders with Direct3D 12},
  year = 2018,
  url = {https://docs.microsoft.com/en-us/windows/win32/direct3d12/pipelines-and-shaders-with-directx-12},
  urldate = {2020-07-25}
}

@book{lengyel2012mathematics,
  title={Mathematics for 3D game programming and computer graphics},
  author={Lengyel, Eric},
  year={2012},
  publisher={Cengage Learning}
}

@article{jia2008modified,
  title={A modified Bresenham Algorithm of line Drawing [J]},
  author={Jia, Yin-Liang and Zhang, Huan-Chun and Jing, Ya-Zhi},
  journal={Journal of Image and Graphics},
  volume={1},
  year={2008}
}